[
  {
    "__type__": "cc.SceneAsset",
    "_name": "scene",
    "_objFlags": 0,
    "_native": "",
    "scene": {
      "__id__": 1
    }
  },
  {
    "__type__": "cc.Scene",
    "_name": "scene",
    "_objFlags": 0,
    "_parent": null,
    "_children": [
      {
        "__id__": 2
      },
      {
        "__id__": 5
      },
      {
        "__id__": 9
      },
      {
        "__id__": 12
      },
      {
        "__id__": 16
      },
      {
        "__id__": 34
      },
      {
        "__id__": 131
      }
    ],
    "_active": true,
    "_components": [],
    "_prefab": {
      "__id__": 323
    },
    "_lpos": {
      "__type__": "cc.Vec3",
      "x": 0,
      "y": 0,
      "z": 0
    },
    "_lrot": {
      "__type__": "cc.Quat",
      "x": 0,
      "y": 0,
      "z": 0,
      "w": 1
    },
    "_lscale": {
      "__type__": "cc.Vec3",
      "x": 1,
      "y": 1,
      "z": 1
    },
    "_mobility": 0,
    "_layer": 1073741824,
    "_euler": {
      "__type__": "cc.Vec3",
      "x": 0,
      "y": 0,
      "z": 0
    },
    "autoReleaseAssets": false,
    "_globals": {
      "__id__": 324
    },
    "_id": "77da077d-850e-4f1f-9e79-35bf895ff0fe"
  },
  {
    "__type__": "cc.Node",
    "_name": "Main Light",
    "_objFlags": 0,
    "_parent": {
      "__id__": 1
    },
    "_children": [],
    "_active": true,
    "_components": [
      {
        "__id__": 3
      }
    ],
    "_prefab": null,
    "_lpos": {
      "__type__": "cc.Vec3",
      "x": 0,
      "y": 0,
      "z": 0
    },
    "_lrot": {
      "__type__": "cc.Quat",
      "x": -0.06397656665577071,
      "y": -0.44608233363525845,
      "z": -0.8239028751062036,
      "w": -0.3436591377065261
    },
    "_lscale": {
      "__type__": "cc.Vec3",
      "x": 1,
      "y": 1,
      "z": 1
    },
    "_mobility": 0,
    "_layer": 1073741824,
    "_euler": {
      "__type__": "cc.Vec3",
      "x": -117.894,
      "y": -194.909,
      "z": 38.562
    },
    "_id": "c0y6F5f+pAvI805TdmxIjx"
  },
  {
    "__type__": "cc.DirectionalLight",
    "_name": "",
    "_objFlags": 0,
    "node": {
      "__id__": 2
    },
    "_enabled": true,
    "__prefab": null,
    "_color": {
      "__type__": "cc.Color",
      "r": 255,
      "g": 250,
      "b": 240,
      "a": 255
    },
    "_useColorTemperature": false,
    "_colorTemperature": 6550,
    "_staticSettings": {
      "__id__": 4
    },
    "_visibility": -325058561,
    "_illuminanceHDR": 65000,
    "_illuminance": 65000,
    "_illuminanceLDR": 1.6927083333333335,
    "_shadowEnabled": false,
    "_shadowPcf": 0,
    "_shadowBias": 0.00001,
    "_shadowNormalBias": 0,
    "_shadowSaturation": 1,
    "_shadowDistance": 50,
    "_shadowInvisibleOcclusionRange": 200,
    "_csmLevel": 4,
    "_csmLayerLambda": 0.75,
    "_csmOptimizationMode": 2,
    "_csmAdvancedOptions": false,
    "_csmLayersTransition": false,
    "_csmTransitionRange": 0.05,
    "_shadowFixedArea": false,
    "_shadowNear": 0.1,
    "_shadowFar": 10,
    "_shadowOrthoSize": 5,
    "_id": "597uMYCbhEtJQc0ffJlcgA"
  },
  {
    "__type__": "cc.StaticLightSettings",
    "_baked": false,
    "_editorOnly": false,
    "_castShadow": false
  },
  {
    "__type__": "cc.Node",
    "_name": "Main Camera",
    "_objFlags": 0,
    "__editorExtras__": {},
    "_parent": {
      "__id__": 1
    },
    "_children": [],
    "_active": true,
    "_components": [
      {
        "__id__": 6
      },
      {
        "__id__": 7
      },
      {
        "__id__": 8
      }
    ],
    "_prefab": null,
    "_lpos": {
      "__type__": "cc.Vec3",
      "x": 352.789,
      "y": 320,
      "z": 17.601
    },
    "_lrot": {
      "__type__": "cc.Quat",
      "x": 0,
      "y": 0,
      "z": 0,
      "w": 1
    },
    "_lscale": {
      "__type__": "cc.Vec3",
      "x": 1,
      "y": 1,
      "z": 1
    },
    "_mobility": 0,
    "_layer": 1073741824,
    "_euler": {
      "__type__": "cc.Vec3",
      "x": 0,
      "y": 0,
      "z": 0
    },
    "_id": "c9DMICJLFO5IeO07EPon7U"
  },
  {
    "__type__": "cc.Camera",
    "_name": "",
    "_objFlags": 0,
    "node": {
      "__id__": 5
    },
    "_enabled": true,
    "__prefab": null,
    "_projection": 0,
    "_priority": 0,
    "_fov": 173.033,
    "_fovAxis": 1,
    "_orthoHeight": 320,
    "_near": 1,
    "_far": 29.545,
    "_color": {
      "__type__": "cc.Color",
      "r": 51,
      "g": 51,
      "b": 51,
      "a": 255
    },
    "_depth": 1,
    "_stencil": 0,
    "_clearFlags": 14,
    "_rect": {
      "__type__": "cc.Rect",
      "x": 0,
      "y": 0,
      "width": 1,
      "height": 1
    },
    "_aperture": 19,
    "_shutter": 7,
    "_iso": 0,
    "_screenScale": 1,
    "_visibility": 1822425087,
    "_targetTexture": null,
    "_cameraType": -1,
    "_trackingType": 0,
    "_id": "7dWQTpwS5LrIHnc1zAPUtf"
  },
  {
    "__type__": "cc.Animation",
    "_name": "",
    "_objFlags": 0,
    "node": {
      "__id__": 5
    },
    "_enabled": true,
    "__prefab": null,
    "playOnLoad": false,
    "_clips": [],
    "_defaultClip": null,
    "_id": "299XO9UHlIKYtY0hdcO/lw"
  },
  {
    "__type__": "cc.Animation",
    "_name": "",
    "_objFlags": 0,
    "node": {
      "__id__": 5
    },
    "_enabled": true,
    "__prefab": null,
    "playOnLoad": false,
    "_clips": [],
    "_defaultClip": null,
    "_id": "19CcENF9pHvrzKEUeZRwHP"
  },
  {
    "__type__": "cc.Node",
    "_name": "Plane",
    "_objFlags": 0,
    "_parent": {
      "__id__": 1
    },
    "_children": [],
    "_active": true,
    "_components": [
      {
        "__id__": 10
      }
    ],
    "_prefab": null,
    "_lpos": {
      "__type__": "cc.Vec3",
      "x": 430.517,
      "y": 217.65,
      "z": 0
    },
    "_lrot": {
      "__type__": "cc.Quat",
      "x": 0,
      "y": 0,
      "z": 0,
      "w": 1
    },
    "_lscale": {
      "__type__": "cc.Vec3",
      "x": 10,
      "y": 10,
      "z": 10
    },
    "_mobility": 0,
    "_layer": 1073741824,
    "_euler": {
      "__type__": "cc.Vec3",
      "x": 0,
      "y": 0,
      "z": 0
    },
    "_id": "0elVcTTeNPw7CfRGm+PgBU"
  },
  {
    "__type__": "cc.MeshRenderer",
    "_name": "Plane<ModelComponent>",
    "_objFlags": 0,
    "node": {
      "__id__": 9
    },
    "_enabled": true,
    "__prefab": null,
    "_materials": [
      {
        "__uuid__": "620b6bf3-0369-4560-837f-2a2c00b73c26",
        "__expectedType__": "cc.Material"
      }
    ],
    "_visFlags": 0,
    "bakeSettings": {
      "__id__": 11
    },
    "_mesh": {
      "__uuid__": "1263d74c-8167-4928-91a6-4e2672411f47@2e76e",
      "__expectedType__": "cc.Mesh"
    },
    "_shadowCastingMode": 0,
    "_shadowReceivingMode": 1,
    "_shadowBias": 0,
    "_shadowNormalBias": 0,
    "_reflectionProbeId": -1,
    "_enableMorph": true,
    "_id": "1enNCqz4lC5JF1k0Qbq0RY"
  },
  {
    "__type__": "cc.ModelBakeSettings",
    "texture": null,
    "uvParam": {
      "__type__": "cc.Vec4",
      "x": 0,
      "y": 0,
      "z": 0,
      "w": 0
    },
    "_bakeable": false,
    "_castShadow": false,
    "_receiveShadow": false,
    "_recieveShadow": false,
    "_lightmapSize": 64,
    "_useLightProbe": false,
    "_bakeToLightProbe": true,
    "_reflectionProbeType": 0,
    "_bakeToReflectionProbe": true,
    "_probeCubemap": null
  },
  {
    "__type__": "cc.Node",
    "_name": "Node",
    "_objFlags": 0,
    "_parent": {
      "__id__": 1
    },
    "_children": [],
    "_active": true,
    "_components": [
      {
        "__id__": 13
      },
      {
        "__id__": 14
      },
      {
        "__id__": 15
      }
    ],
    "_prefab": null,
    "_lpos": {
      "__type__": "cc.Vec3",
      "x": 160.487,
      "y": 468.194,
      "z": 0
    },
    "_lrot": {
      "__type__": "cc.Quat",
      "x": 0,
      "y": 0,
      "z": 0,
      "w": 1
    },
    "_lscale": {
      "__type__": "cc.Vec3",
      "x": 1,
      "y": 1,
      "z": 1
    },
    "_mobility": 0,
    "_layer": 1073741824,
    "_euler": {
      "__type__": "cc.Vec3",
      "x": 0,
      "y": 0,
      "z": 0
    },
    "_id": "77naVTdkRF0KUeKlYxmnLd"
  },
  {
    "__type__": "cc.UITransform",
    "_name": "",
    "_objFlags": 0,
    "node": {
      "__id__": 12
    },
    "_enabled": true,
    "__prefab": null,
    "_contentSize": {
      "__type__": "cc.Size",
      "width": 10,
      "height": 10
    },
    "_anchorPoint": {
      "__type__": "cc.Vec2",
      "x": 0.5,
      "y": 0.5
    },
    "_id": "6byHsv4ZhNQbBMTnv4HUIR"
  },
  {
    "__type__": "cc.Sprite",
    "_name": "",
    "_objFlags": 0,
    "node": {
      "__id__": 12
    },
    "_enabled": true,
    "__prefab": null,
    "_customMaterial": null,
    "_srcBlendFactor": 2,
    "_dstBlendFactor": 4,
    "_color": {
      "__type__": "cc.Color",
      "r": 94,
      "g": 44,
      "b": 201,
      "a": 255
    },
    "_spriteFrame": {
      "__uuid__": "354d8243-b524-49ed-ac00-f00c9019f2ff@f9941",
      "__expectedType__": "cc.SpriteFrame"
    },
    "_type": 0,
    "_fillType": 0,
    "_sizeMode": 0,
    "_fillCenter": {
      "__type__": "cc.Vec2",
      "x": 0,
      "y": 0
    },
    "_fillStart": 0,
    "_fillRange": 0,
    "_isTrimmedMode": true,
    "_useGrayscale": false,
    "_atlas": null,
    "_id": "47uSBJgT5I/7drtbK6/EfU"
  },
  {
    "__type__": "97d58rzLUdHbKp7y67GMCDj",
    "_name": "",
    "_objFlags": 0,
    "node": {
      "__id__": 12
    },
    "_enabled": true,
    "__prefab": null,
    "_id": "32CBW+r7xCYa/HvK2VskNR"
  },
  {
    "__type__": "cc.Node",
    "_objFlags": 0,
    "_parent": {
      "__id__": 1
    },
    "_prefab": {
      "__id__": 17
    }
  },
  {
    "__type__": "cc.PrefabInfo",
    "root": {
      "__id__": 16
    },
    "asset": {
      "__uuid__": "ec40f9c3-a52e-4888-b688-647f72798d4e",
      "__expectedType__": "cc.Prefab"
    },
    "fileId": "d0uwHk/ixflopDCQxQGSkw",
    "instance": {
      "__id__": 18
    },
    "targetOverrides": null,
    "nestedPrefabInstanceRoots": null
  },
  {
    "__type__": "cc.PrefabInstance",
    "fileId": "50h/VDaqdLv7EKGZQIi/T+",
    "prefabRootNode": null,
    "mountedChildren": [],
    "mountedComponents": [
      {
        "__id__": 19
      },
      {
        "__id__": 22
      },
      {
        "__id__": 25
      },
      {
        "__id__": 28
      },
      {
        "__id__": 31
      }
    ],
    "propertyOverrides": [
      {
        "__id__": 44
      },
      {
        "__id__": 46
      },
      {
        "__id__": 48
      },
      {
        "__id__": 50
      },
      {
        "__id__": 52
      },
      {
        "__id__": 54
      },
      {
        "__id__": 56
      },
      {
        "__id__": 58
      },
      {
        "__id__": 60
      },
      {
        "__id__": 62
      },
      {
        "__id__": 64
      },
      {
        "__id__": 66
      },
      {
        "__id__": 68
      },
      {
        "__id__": 70
      },
      {
        "__id__": 72
      },
      {
        "__id__": 74
      },
      {
        "__id__": 76
      },
      {
        "__id__": 78
      },
      {
        "__id__": 80
      },
      {
        "__id__": 82
      },
      {
        "__id__": 84
      },
      {
        "__id__": 86
      },
      {
        "__id__": 88
      },
      {
        "__id__": 90
      },
      {
        "__id__": 92
      },
      {
        "__id__": 94
      },
      {
        "__id__": 96
      },
      {
        "__id__": 98
      },
      {
        "__id__": 100
      },
      {
        "__id__": 102
      },
      {
        "__id__": 104
      },
      {
        "__id__": 106
      },
      {
        "__id__": 108
      },
      {
        "__id__": 110
      },
      {
        "__id__": 112
      },
      {
        "__id__": 114
      },
      {
        "__id__": 116
      },
      {
        "__id__": 118
      },
      {
        "__id__": 120
      },
      {
        "__id__": 122
      },
      {
        "__id__": 124
      },
      {
        "__id__": 126
      },
      {
        "__id__": 127
      },
      {
        "__id__": 128
      },
      {
        "__id__": 129
      },
      {
        "__id__": 130
      }
    ],
    "removedComponents": []
  },
  {
    "__type__": "cc.MountedComponentsInfo",
    "targetInfo": {
      "__id__": 20
    },
    "components": [
      {
        "__id__": 21
      }
    ]
  },
  {
    "__type__": "cc.TargetInfo",
    "localID": [
      "09d5Veu3dSKbvhbGQUNvY8"
    ]
  },
  {
    "__type__": "355e349ZkpCIrvsNuTAsQSU",
    "_name": "",
    "_objFlags": 0,
    "__editorExtras__": {
      "mountedRoot": {
        "__id__": 16
      }
    },
    "node": null,
    "_enabled": true,
    "__prefab": null,
    "axis": 0,
    "factor": 0,
    "_id": "cbJnBz7pdCj5alEILPoSiM"
  },
  {
    "__type__": "cc.MountedComponentsInfo",
    "targetInfo": {
      "__id__": 23
    },
    "components": [
      {
        "__id__": 24
      }
    ]
  },
  {
    "__type__": "cc.TargetInfo",
    "localID": [
      "fapc7rt65UXIF9wbTN7GnU"
    ]
  },
  {
    "__type__": "355e349ZkpCIrvsNuTAsQSU",
    "_name": "",
    "_objFlags": 0,
    "__editorExtras__": {
      "mountedRoot": {
        "__id__": 16
      }
    },
    "node": null,
    "_enabled": true,
    "__prefab": null,
    "axis": 0,
    "factor": 0,
    "_id": "a3jBwDxlBBArruPz9OwNlt"
  },
  {
    "__type__": "cc.MountedComponentsInfo",
    "targetInfo": {
      "__id__": 26
    },
    "components": [
      {
        "__id__": 27
      }
    ]
  },
  {
    "__type__": "cc.TargetInfo",
    "localID": [
      "c5WMD4+HZfubZZXvWhCx3B"
    ]
  },
  {
    "__type__": "355e349ZkpCIrvsNuTAsQSU",
    "_name": "",
    "_objFlags": 0,
    "__editorExtras__": {
      "mountedRoot": {
        "__id__": 16
      }
    },
    "node": null,
    "_enabled": true,
    "__prefab": null,
    "axis": 0,
    "factor": 0,
    "_id": "dcgtDhpEhD64+OokWHvvFb"
  },
  {
    "__type__": "cc.MountedComponentsInfo",
    "targetInfo": {
      "__id__": 29
    },
    "components": [
      {
        "__id__": 30
      }
    ]
  },
  {
    "__type__": "cc.TargetInfo",
    "localID": [
      "d3hXOnCLxaSaqwCNJbX6/T"
    ]
  },
  {
    "__type__": "355e349ZkpCIrvsNuTAsQSU",
    "_name": "",
    "_objFlags": 0,
    "__editorExtras__": {
      "mountedRoot": {
        "__id__": 16
      }
    },
    "node": null,
    "_enabled": true,
    "__prefab": null,
    "axis": 0,
    "factor": 0,
    "_id": "b7Gb9p+7JFP5u7oqt2osQO"
  },
  {
    "__type__": "cc.MountedComponentsInfo",
    "targetInfo": {
      "__id__": 32
    },
    "components": [
      {
        "__id__": 33
      }
    ]
  },
  {
    "__type__": "cc.TargetInfo",
    "localID": [
      "d0uwHk/ixflopDCQxQGSkw"
    ]
  },
  {
    "__type__": "738e4XIt+xJL4ncemjnca3E",
    "_name": "",
    "_objFlags": 0,
    "__editorExtras__": {
      "mountedRoot": {
        "__id__": 16
      }
    },
    "node": {
      "__id__": 16
    },
    "_enabled": true,
    "__prefab": null,
    "blendMode": 1,
    "_target": {
      "__id__": 34
    },
    "center": null,
    "damping": 0.15,
    "_hasUpdateController": false,
    "_id": "594oFaYS1LgaFERPOmGsG6"
  },
  {
    "__type__": "cc.Node",
    "_name": "Canvas",
    "_objFlags": 0,
    "_parent": {
      "__id__": 1
    },
    "_children": [
      {
        "__id__": 35
      },
      {
        "__id__": 37
      }
    ],
    "_active": true,
    "_components": [
      {
        "__id__": 40
      },
      {
        "__id__": 41
      },
      {
        "__id__": 42
      },
      {
        "__id__": 43
      }
    ],
    "_prefab": null,
    "_lpos": {
      "__type__": "cc.Vec3",
      "x": 206,
      "y": 423,
      "z": 0
    },
    "_lrot": {
      "__type__": "cc.Quat",
      "x": 0,
      "y": 0,
      "z": 0,
      "w": 1
    },
    "_lscale": {
      "__type__": "cc.Vec3",
      "x": 1,
      "y": 1,
      "z": 1
    },
    "_mobility": 0,
    "_layer": 33554432,
    "_euler": {
      "__type__": "cc.Vec3",
      "x": 0,
      "y": 0,
      "z": 0
    },
    "_id": "09Nxp/w6FLraB3QRsuX4Br"
  },
  {
    "__type__": "cc.Node",
    "_name": "Camera",
    "_objFlags": 0,
    "_parent": {
      "__id__": 34
    },
    "_children": [],
    "_active": true,
    "_components": [
      {
        "__id__": 36
      }
    ],
    "_prefab": null,
    "_lpos": {
      "__type__": "cc.Vec3",
      "x": 0,
      "y": 0,
      "z": 1000
    },
    "_lrot": {
      "__type__": "cc.Quat",
      "x": 0,
      "y": 0,
      "z": 0,
      "w": 1
    },
    "_lscale": {
      "__type__": "cc.Vec3",
      "x": 1,
      "y": 1,
      "z": 1
    },
    "_mobility": 0,
    "_layer": 1073741824,
    "_euler": {
      "__type__": "cc.Vec3",
      "x": 0,
      "y": 0,
      "z": 0
    },
    "_id": "bd7f30uzZLSL7H1IStNFIl"
  },
  {
    "__type__": "cc.Camera",
    "_name": "",
    "_objFlags": 0,
    "node": {
      "__id__": 35
    },
    "_enabled": true,
    "__prefab": null,
    "_projection": 0,
    "_priority": 1073741824,
    "_fov": 45,
    "_fovAxis": 0,
    "_orthoHeight": 423,
    "_near": 1,
    "_far": 2000,
    "_color": {
      "__type__": "cc.Color",
      "r": 0,
      "g": 0,
      "b": 0,
      "a": 255
    },
    "_depth": 1,
    "_stencil": 0,
    "_clearFlags": 6,
    "_rect": {
      "__type__": "cc.Rect",
      "x": 0,
      "y": 0,
      "width": 1,
      "height": 1
    },
    "_aperture": 19,
    "_shutter": 7,
    "_iso": 0,
    "_screenScale": 1,
    "_visibility": 41943040,
    "_targetTexture": null,
    "_cameraType": -1,
    "_trackingType": 0,
    "_id": "ceV5a+OX9NKJEdsCWAg6YW"
  },
  {
    "__type__": "cc.Node",
    "_name": "spriteFrame",
    "_objFlags": 0,
    "_parent": {
      "__id__": 34
    },
    "_children": [],
    "_active": true,
    "_components": [
      {
        "__id__": 38
      },
      {
        "__id__": 39
      }
    ],
    "_prefab": null,
    "_lpos": {
      "__type__": "cc.Vec3",
      "x": 0,
      "y": 0,
      "z": 0
    },
    "_lrot": {
      "__type__": "cc.Quat",
      "x": 0,
      "y": 0,
      "z": 0,
      "w": 1
    },
    "_lscale": {
      "__type__": "cc.Vec3",
      "x": 1,
      "y": 1,
      "z": 1
    },
    "_mobility": 0,
    "_layer": 33554432,
    "_euler": {
      "__type__": "cc.Vec3",
      "x": 0,
      "y": 0,
      "z": 0
    },
    "_id": "b03SI8bBNDybzX8c5qlzkG"
  },
  {
    "__type__": "cc.UITransform",
    "_name": "",
    "_objFlags": 0,
    "node": {
      "__id__": 37
    },
    "_enabled": true,
    "__prefab": null,
    "_contentSize": {
      "__type__": "cc.Size",
      "width": 50,
      "height": 50
    },
    "_anchorPoint": {
      "__type__": "cc.Vec2",
      "x": 0.5,
      "y": 0.5
    },
    "_id": "31uf12QAJGZ7SSihZ5Gw2m"
  },
  {
    "__type__": "cc.Sprite",
    "_name": "",
    "_objFlags": 0,
    "node": {
      "__id__": 37
    },
    "_enabled": true,
    "__prefab": null,
    "_customMaterial": null,
    "_srcBlendFactor": 2,
    "_dstBlendFactor": 4,
    "_color": {
      "__type__": "cc.Color",
      "r": 255,
      "g": 255,
      "b": 255,
      "a": 255
    },
    "_spriteFrame": {
      "__uuid__": "34a55f2e-2699-4044-bf65-c43294079217@f9941",
      "__expectedType__": "cc.SpriteFrame"
    },
    "_type": 0,
    "_fillType": 0,
    "_sizeMode": 0,
    "_fillCenter": {
      "__type__": "cc.Vec2",
      "x": 0,
      "y": 0
    },
    "_fillStart": 0,
    "_fillRange": 0,
    "_isTrimmedMode": true,
    "_useGrayscale": false,
    "_atlas": null,
    "_id": "c8cgayCeVPl7Qs+pajSYkT"
  },
  {
    "__type__": "cc.UITransform",
    "_name": "",
    "_objFlags": 0,
    "node": {
      "__id__": 34
    },
    "_enabled": true,
    "__prefab": null,
    "_contentSize": {
      "__type__": "cc.Size",
      "width": 412,
      "height": 846
    },
    "_anchorPoint": {
      "__type__": "cc.Vec2",
      "x": 0.5,
      "y": 0.5
    },
    "_id": "44BJT9zNxFrajmlFL5/zh+"
  },
  {
    "__type__": "cc.Canvas",
    "_name": "",
    "_objFlags": 0,
    "node": {
      "__id__": 34
    },
    "_enabled": true,
    "__prefab": null,
    "_cameraComponent": {
      "__id__": 36
    },
    "_alignCanvasWithScreen": true,
    "_id": "62xa46cpJHHrcStr3GFLaL"
  },
  {
    "__type__": "cc.Widget",
    "_name": "",
    "_objFlags": 0,
    "node": {
      "__id__": 34
    },
    "_enabled": true,
    "__prefab": null,
    "_alignFlags": 45,
    "_target": null,
    "_left": 0,
    "_right": 0,
    "_top": 0,
    "_bottom": 0,
    "_horizontalCenter": 0,
    "_verticalCenter": 0,
    "_isAbsLeft": true,
    "_isAbsRight": true,
    "_isAbsTop": true,
    "_isAbsBottom": true,
    "_isAbsHorizontalCenter": true,
    "_isAbsVerticalCenter": true,
    "_originalWidth": 0,
    "_originalHeight": 0,
    "_alignMode": 2,
    "_lockFlags": 0,
    "_id": "1cG0vABi9P2Ig7pdBa32nz"
  },
  {
    "__type__": "97d58rzLUdHbKp7y67GMCDj",
    "_name": "",
    "_objFlags": 0,
    "node": {
      "__id__": 34
    },
    "_enabled": true,
    "__prefab": null,
    "_id": "afP2Eu3vZEhIy5E0xx/y3T"
  },
  {
    "__type__": "CCPropertyOverrideInfo",
    "targetInfo": {
      "__id__": 45
    },
    "propertyPath": [
      "_lpos"
    ],
    "value": {
      "__type__": "cc.Vec3",
      "x": 0,
      "y": 0,
      "z": 0.000032
    }
  },
  {
    "__type__": "cc.TargetInfo",
    "localID": [
      "52TrUijcpVVbaz85s5BDS5"
    ]
  },
  {
    "__type__": "CCPropertyOverrideInfo",
    "targetInfo": {
      "__id__": 47
    },
    "propertyPath": [
      "_lpos"
    ],
    "value": {
      "__type__": "cc.Vec3",
      "x": 0,
      "y": 0,
      "z": 0.000031
    }
  },
  {
    "__type__": "cc.TargetInfo",
    "localID": [
      "66KtPe1PNR7ILEPrViJR5q"
    ]
  },
  {
    "__type__": "CCPropertyOverrideInfo",
    "targetInfo": {
      "__id__": 49
    },
    "propertyPath": [
      "_lpos"
    ],
    "value": {
      "__type__": "cc.Vec3",
      "x": 0,
      "y": 0,
      "z": 0.000029999999999999997
    }
  },
  {
    "__type__": "cc.TargetInfo",
    "localID": [
      "70x7kZ3+RWNofqguI8o0nE"
    ]
  },
  {
    "__type__": "CCPropertyOverrideInfo",
    "targetInfo": {
      "__id__": 51
    },
    "propertyPath": [
      "_lpos"
    ],
    "value": {
      "__type__": "cc.Vec3",
      "x": 0,
      "y": 0,
      "z": 0.000029
    }
  },
  {
    "__type__": "cc.TargetInfo",
    "localID": [
      "d1fCo6TnRYF54CPLsdMiu+"
    ]
  },
  {
    "__type__": "CCPropertyOverrideInfo",
    "targetInfo": {
      "__id__": 53
    },
    "propertyPath": [
      "_lpos"
    ],
    "value": {
      "__type__": "cc.Vec3",
      "x": 0,
      "y": 0,
      "z": 0.000028
    }
  },
  {
    "__type__": "cc.TargetInfo",
    "localID": [
      "967iNkJ35W7Zb+wLnenAaX"
    ]
  },
  {
    "__type__": "CCPropertyOverrideInfo",
    "targetInfo": {
      "__id__": 55
    },
    "propertyPath": [
      "_lpos"
    ],
    "value": {
      "__type__": "cc.Vec3",
      "x": 0,
      "y": 0,
      "z": 0.000027
    }
  },
  {
    "__type__": "cc.TargetInfo",
    "localID": [
      "6cyx8Rs7JeqbH2ZjmjAhwZ"
    ]
  },
  {
    "__type__": "CCPropertyOverrideInfo",
    "targetInfo": {
      "__id__": 57
    },
    "propertyPath": [
      "_lpos"
    ],
    "value": {
      "__type__": "cc.Vec3",
      "x": 0,
      "y": 0,
      "z": 0.000035
    }
  },
  {
    "__type__": "cc.TargetInfo",
    "localID": [
      "6dMVhCvAdWcbzrcF8/9yIm"
    ]
  },
  {
    "__type__": "CCPropertyOverrideInfo",
    "targetInfo": {
      "__id__": 59
    },
    "propertyPath": [
      "_lpos"
    ],
    "value": {
      "__type__": "cc.Vec3",
      "x": 0,
      "y": 0,
      "z": 0.000034
    }
  },
  {
    "__type__": "cc.TargetInfo",
    "localID": [
      "1eRG2kUUJZt7bCIhZEDU7I"
    ]
  },
  {
    "__type__": "CCPropertyOverrideInfo",
    "targetInfo": {
      "__id__": 61
    },
    "propertyPath": [
      "_lpos"
    ],
    "value": {
      "__type__": "cc.Vec3",
      "x": 0,
      "y": 0,
      "z": 0.000032999999999999996
    }
  },
  {
    "__type__": "cc.TargetInfo",
    "localID": [
      "7032UwRpleJLND49PpHS6a"
    ]
  },
  {
    "__type__": "CCPropertyOverrideInfo",
    "targetInfo": {
      "__id__": 63
    },
    "propertyPath": [
      "_lpos"
    ],
    "value": {
      "__type__": "cc.Vec3",
      "x": 0,
      "y": 0,
      "z": 0.000026
    }
  },
  {
    "__type__": "cc.TargetInfo",
    "localID": [
      "4fUMlNZGlWbJL+wn8buQx8"
    ]
  },
  {
    "__type__": "CCPropertyOverrideInfo",
    "targetInfo": {
      "__id__": 65
    },
    "propertyPath": [
      "_lpos"
    ],
    "value": {
      "__type__": "cc.Vec3",
      "x": 0,
      "y": 0,
      "z": 0.000024999999999999998
    }
  },
  {
    "__type__": "cc.TargetInfo",
    "localID": [
      "b77Nzw2t1QB7YkwUmZ9JLh"
    ]
  },
  {
    "__type__": "CCPropertyOverrideInfo",
    "targetInfo": {
      "__id__": 67
    },
    "propertyPath": [
      "_lpos"
    ],
    "value": {
      "__type__": "cc.Vec3",
      "x": 0,
      "y": 0,
      "z": 0.000039999999999999996
    }
  },
  {
    "__type__": "cc.TargetInfo",
    "localID": [
      "baLtKvovpdzLpEA42zASTx"
    ]
  },
  {
    "__type__": "CCPropertyOverrideInfo",
    "targetInfo": {
      "__id__": 69
    },
    "propertyPath": [
      "_lpos"
    ],
    "value": {
      "__type__": "cc.Vec3",
      "x": 0,
      "y": 0,
      "z": 0.000039
    }
  },
  {
    "__type__": "cc.TargetInfo",
    "localID": [
      "d4zlm2DDZaB4+V9U8QeOh0"
    ]
  },
  {
    "__type__": "CCPropertyOverrideInfo",
    "targetInfo": {
      "__id__": 71
    },
    "propertyPath": [
      "_lpos"
    ],
    "value": {
      "__type__": "cc.Vec3",
      "x": 0,
      "y": 0,
      "z": 0.000037999999999999995
    }
  },
  {
    "__type__": "cc.TargetInfo",
    "localID": [
      "58xgC3UdJbbrIY9qCOviKx"
    ]
  },
  {
    "__type__": "CCPropertyOverrideInfo",
    "targetInfo": {
      "__id__": 73
    },
    "propertyPath": [
      "_lpos"
    ],
    "value": {
      "__type__": "cc.Vec3",
      "x": 0,
      "y": 0,
      "z": 0.000037
    }
  },
  {
    "__type__": "cc.TargetInfo",
    "localID": [
      "1eptZPYwRUr4ap/Wn+9cJs"
    ]
  },
  {
    "__type__": "CCPropertyOverrideInfo",
    "targetInfo": {
      "__id__": 75
    },
    "propertyPath": [
      "_lpos"
    ],
    "value": {
      "__type__": "cc.Vec3",
      "x": 0,
      "y": 0,
      "z": 0.000036
    }
  },
  {
    "__type__": "cc.TargetInfo",
    "localID": [
      "9a7nTozfdcYImPOT1SMh8X"
    ]
  },
  {
    "__type__": "CCPropertyOverrideInfo",
    "targetInfo": {
      "__id__": 77
    },
    "propertyPath": [
      "_lpos"
    ],
    "value": {
      "__type__": "cc.Vec3",
      "x": 0,
      "y": 0,
      "z": 0.000024
    }
  },
  {
    "__type__": "cc.TargetInfo",
    "localID": [
      "807IH4nGpaYZZWNzQgIh2H"
    ]
  },
  {
    "__type__": "CCPropertyOverrideInfo",
    "targetInfo": {
      "__id__": 79
    },
    "propertyPath": [
      "_lpos"
    ],
    "value": {
      "__type__": "cc.Vec3",
      "x": 0,
      "y": 0,
      "z": 0.000023
    }
  },
  {
    "__type__": "cc.TargetInfo",
    "localID": [
      "62pGStb71VirT2XWpJ7PDe"
    ]
  },
  {
    "__type__": "CCPropertyOverrideInfo",
    "targetInfo": {
      "__id__": 81
    },
    "propertyPath": [
      "_lpos"
    ],
    "value": {
      "__type__": "cc.Vec3",
      "x": 0,
      "y": 0,
      "z": 0.000022
    }
  },
  {
    "__type__": "cc.TargetInfo",
    "localID": [
      "a1z89vh4ZW47TbW8/Ekvig"
    ]
  },
  {
    "__type__": "CCPropertyOverrideInfo",
    "targetInfo": {
      "__id__": 83
    },
    "propertyPath": [
      "_lpos"
    ],
    "value": {
      "__type__": "cc.Vec3",
      "x": 0,
      "y": 0,
      "z": 0.000021
    }
  },
  {
    "__type__": "cc.TargetInfo",
    "localID": [
      "31wG/z/5NbfLvOUo+D7S+n"
    ]
  },
  {
    "__type__": "CCPropertyOverrideInfo",
    "targetInfo": {
      "__id__": 85
    },
    "propertyPath": [
      "_lpos"
    ],
    "value": {
      "__type__": "cc.Vec3",
      "x": 0,
      "y": 0,
      "z": 0.000019999999999999998
    }
  },
  {
    "__type__": "cc.TargetInfo",
    "localID": [
      "8dlBSuKWpWF7qC+cyVSLrR"
    ]
  },
  {
    "__type__": "CCPropertyOverrideInfo",
    "targetInfo": {
      "__id__": 87
    },
    "propertyPath": [
      "_lpos"
    ],
    "value": {
      "__type__": "cc.Vec3",
      "x": 0,
      "y": 0,
      "z": 0.000018999999999999998
    }
  },
  {
    "__type__": "cc.TargetInfo",
    "localID": [
      "c4fUhgyuVT0orBm3bcIPO3"
    ]
  },
  {
    "__type__": "CCPropertyOverrideInfo",
    "targetInfo": {
      "__id__": 89
    },
    "propertyPath": [
      "_lpos"
    ],
    "value": {
      "__type__": "cc.Vec3",
      "x": 0,
      "y": 0,
      "z": 0.000018
    }
  },
  {
    "__type__": "cc.TargetInfo",
    "localID": [
      "d4cKcWyZhbgqYHkp2cMCAK"
    ]
  },
  {
    "__type__": "CCPropertyOverrideInfo",
    "targetInfo": {
      "__id__": 91
    },
    "propertyPath": [
      "_lpos"
    ],
    "value": {
      "__type__": "cc.Vec3",
      "x": 0,
      "y": 0,
      "z": 0.000017
    }
  },
  {
    "__type__": "cc.TargetInfo",
    "localID": [
      "ebH8eKPmJatIFdVDDs7eCf"
    ]
  },
  {
    "__type__": "CCPropertyOverrideInfo",
    "targetInfo": {
      "__id__": 93
    },
    "propertyPath": [
      "_lpos"
    ],
    "value": {
      "__type__": "cc.Vec3",
      "x": 0,
      "y": 0,
      "z": 0.000016
    }
  },
  {
    "__type__": "cc.TargetInfo",
    "localID": [
      "3b+MH29NNQ158DTDf2yXfK"
    ]
  },
  {
    "__type__": "CCPropertyOverrideInfo",
    "targetInfo": {
      "__id__": 95
    },
    "propertyPath": [
      "_lpos"
    ],
    "value": {
      "__type__": "cc.Vec3",
      "x": 0,
      "y": 0,
      "z": 0.000014999999999999999
    }
  },
  {
    "__type__": "cc.TargetInfo",
    "localID": [
      "b3QWMFTzhf25CR9hBwfPMi"
    ]
  },
  {
    "__type__": "CCPropertyOverrideInfo",
    "targetInfo": {
      "__id__": 97
    },
    "propertyPath": [
      "_lpos"
    ],
    "value": {
      "__type__": "cc.Vec3",
      "x": 0,
      "y": 0,
      "z": 0.000014
    }
  },
  {
    "__type__": "cc.TargetInfo",
    "localID": [
      "50NFEtqYpSbItjYilhSfXm"
    ]
  },
  {
    "__type__": "CCPropertyOverrideInfo",
    "targetInfo": {
      "__id__": 99
    },
    "propertyPath": [
      "_lpos"
    ],
    "value": {
      "__type__": "cc.Vec3",
      "x": 0,
      "y": 0,
      "z": 0.000013
    }
  },
  {
    "__type__": "cc.TargetInfo",
    "localID": [
      "15IajL7P5UaaIZkaVn8QDw"
    ]
  },
  {
    "__type__": "CCPropertyOverrideInfo",
    "targetInfo": {
      "__id__": 101
    },
    "propertyPath": [
      "_lpos"
    ],
    "value": {
      "__type__": "cc.Vec3",
      "x": 0,
      "y": 0,
      "z": 0.000041
    }
  },
  {
    "__type__": "cc.TargetInfo",
    "localID": [
      "ecseSear5W4oBZgqvttLdX"
    ]
  },
  {
    "__type__": "CCPropertyOverrideInfo",
    "targetInfo": {
      "__id__": 103
    },
    "propertyPath": [
      "_lpos"
    ],
    "value": {
      "__type__": "cc.Vec3",
      "x": 0,
      "y": 0,
      "z": 0.000012
    }
  },
  {
    "__type__": "cc.TargetInfo",
    "localID": [
      "3dTHT0/9leYqjheowtCSnX"
    ]
  },
  {
    "__type__": "CCPropertyOverrideInfo",
    "targetInfo": {
      "__id__": 105
    },
    "propertyPath": [
      "_lpos"
    ],
    "value": {
      "__type__": "cc.Vec3",
      "x": 0,
      "y": 0,
      "z": 0.000011
    }
  },
  {
    "__type__": "cc.TargetInfo",
    "localID": [
      "062jgZATVdMq+5xRcNOhHz"
    ]
  },
  {
    "__type__": "CCPropertyOverrideInfo",
    "targetInfo": {
      "__id__": 107
    },
    "propertyPath": [
      "_lpos"
    ],
    "value": {
      "__type__": "cc.Vec3",
      "x": 0,
      "y": 0,
      "z": 0.000009999999999999999
    }
  },
  {
    "__type__": "cc.TargetInfo",
    "localID": [
      "17PCnXTCFbTqGiAVb7TXSZ"
    ]
  },
  {
    "__type__": "CCPropertyOverrideInfo",
    "targetInfo": {
      "__id__": 109
    },
    "propertyPath": [
      "_lpos"
    ],
    "value": {
      "__type__": "cc.Vec3",
      "x": 0,
      "y": 0,
      "z": 0.000009
    }
  },
  {
    "__type__": "cc.TargetInfo",
    "localID": [
      "6eAm/svs5RroK4W03BdkI9"
    ]
  },
  {
    "__type__": "CCPropertyOverrideInfo",
    "targetInfo": {
      "__id__": 111
    },
    "propertyPath": [
      "_lpos"
    ],
    "value": {
      "__type__": "cc.Vec3",
      "x": 0,
      "y": 0,
      "z": 0.000008
    }
  },
  {
    "__type__": "cc.TargetInfo",
    "localID": [
      "80AFADyeRar5/DrwAV8A0D"
    ]
  },
  {
    "__type__": "CCPropertyOverrideInfo",
    "targetInfo": {
      "__id__": 113
    },
    "propertyPath": [
      "_lpos"
    ],
    "value": {
      "__type__": "cc.Vec3",
      "x": 0,
      "y": 0,
      "z": 0.000007
    }
  },
  {
    "__type__": "cc.TargetInfo",
    "localID": [
      "a1k19C4CtfZYZ8Fw2Slc8g"
    ]
  },
  {
    "__type__": "CCPropertyOverrideInfo",
    "targetInfo": {
      "__id__": 115
    },
    "propertyPath": [
      "_lpos"
    ],
    "value": {
      "__type__": "cc.Vec3",
      "x": 0,
      "y": 0,
      "z": 0.000006
    }
  },
  {
    "__type__": "cc.TargetInfo",
    "localID": [
      "2eAM5YJEBcJpPX5fOJimZ8"
    ]
  },
  {
    "__type__": "CCPropertyOverrideInfo",
    "targetInfo": {
      "__id__": 117
    },
    "propertyPath": [
      "_lpos"
    ],
    "value": {
      "__type__": "cc.Vec3",
      "x": 0,
      "y": 0,
      "z": 0.0000049999999999999996
    }
  },
  {
    "__type__": "cc.TargetInfo",
    "localID": [
      "3cYscJ5vVXUJjraHX9qUej"
    ]
  },
  {
    "__type__": "CCPropertyOverrideInfo",
    "targetInfo": {
      "__id__": 119
    },
    "propertyPath": [
      "_lpos"
    ],
    "value": {
      "__type__": "cc.Vec3",
      "x": 0,
      "y": 0,
      "z": 0.000004
    }
  },
  {
    "__type__": "cc.TargetInfo",
    "localID": [
      "9errIDB9xUXbmJeYzNmT1G"
    ]
  },
  {
    "__type__": "CCPropertyOverrideInfo",
    "targetInfo": {
      "__id__": 121
    },
    "propertyPath": [
      "_lpos"
    ],
    "value": {
      "__type__": "cc.Vec3",
      "x": 0,
      "y": 0,
      "z": 0.000003
    }
  },
  {
    "__type__": "cc.TargetInfo",
    "localID": [
      "eaQ4zYIHVf8Ypx662oXoCX"
    ]
  },
  {
    "__type__": "CCPropertyOverrideInfo",
    "targetInfo": {
      "__id__": 123
    },
    "propertyPath": [
      "_lpos"
    ],
    "value": {
      "__type__": "cc.Vec3",
      "x": 0,
      "y": 0,
      "z": 0.000002
    }
  },
  {
    "__type__": "cc.TargetInfo",
    "localID": [
      "93pPA/3/5VuKe5hk0n19cx"
    ]
  },
  {
    "__type__": "CCPropertyOverrideInfo",
    "targetInfo": {
      "__id__": 125
    },
    "propertyPath": [
      "_name"
    ],
    "value": "35_dedevivi"
  },
  {
    "__type__": "cc.TargetInfo",
    "localID": [
      "d0uwHk/ixflopDCQxQGSkw"
    ]
  },
  {
    "__type__": "CCPropertyOverrideInfo",
    "targetInfo": {
      "__id__": 125
    },
    "propertyPath": [
      "_lpos"
    ],
    "value": {
      "__type__": "cc.Vec3",
      "x": 359.51,
      "y": 309.732,
      "z": 0
    }
  },
  {
    "__type__": "CCPropertyOverrideInfo",
    "targetInfo": {
      "__id__": 125
    },
    "propertyPath": [
      "_lrot"
    ],
    "value": {
      "__type__": "cc.Quat",
      "x": 0,
      "y": 0,
      "z": 0,
      "w": 1
    }
  },
  {
    "__type__": "CCPropertyOverrideInfo",
    "targetInfo": {
      "__id__": 125
    },
    "propertyPath": [
      "_euler"
    ],
    "value": {
      "__type__": "cc.Vec3",
      "x": 0,
      "y": 0,
      "z": 0
    }
  },
  {
    "__type__": "CCPropertyOverrideInfo",
    "targetInfo": {
      "__id__": 125
    },
    "propertyPath": [
      "_lscale"
    ],
    "value": {
      "__type__": "cc.Vec3",
      "x": 400,
      "y": 400,
      "z": 1
    }
  },
  {
    "__type__": "CCPropertyOverrideInfo",
    "targetInfo": {
      "__id__": 125
    },
    "propertyPath": [
      "_active"
    ],
    "value": false
  },
  {
    "__type__": "cc.Node",
    "_objFlags": 0,
    "_parent": {
      "__id__": 1
    },
    "_prefab": {
      "__id__": 132
    }
  },
  {
    "__type__": "cc.PrefabInfo",
    "root": {
      "__id__": 131
    },
    "asset": {
      "__uuid__": "a810f16e-4fce-4c9b-952b-def93d2b5b37",
      "__expectedType__": "cc.Prefab"
    },
    "fileId": "d0uwHk/ixflopDCQxQGSkw",
    "instance": {
      "__id__": 133
    },
    "targetOverrides": null,
    "nestedPrefabInstanceRoots": null
  },
  {
    "__type__": "cc.PrefabInstance",
    "fileId": "efQ89to+5ISqq1TpEGBZCT",
    "prefabRootNode": null,
    "mountedChildren": [],
    "mountedComponents": [
      {
        "__id__": 134
      },
      {
        "__id__": 137
      },
      {
        "__id__": 140
      },
      {
        "__id__": 143
      },
      {
        "__id__": 146
      }
    ],
    "propertyOverrides": [
      {
        "__id__": 149
      },
      {
        "__id__": 151
      },
      {
        "__id__": 153
      },
      {
        "__id__": 155
      },
      {
        "__id__": 157
      },
      {
        "__id__": 159
      },
      {
        "__id__": 161
      },
      {
        "__id__": 163
      },
      {
        "__id__": 165
      },
      {
        "__id__": 167
      },
      {
        "__id__": 169
      },
      {
        "__id__": 171
      },
      {
        "__id__": 173
      },
      {
        "__id__": 175
      },
      {
        "__id__": 177
      },
      {
        "__id__": 179
      },
      {
        "__id__": 181
      },
      {
        "__id__": 183
      },
      {
        "__id__": 185
      },
      {
        "__id__": 187
      },
      {
        "__id__": 189
      },
      {
        "__id__": 191
      },
      {
        "__id__": 193
      },
      {
        "__id__": 195
      },
      {
        "__id__": 197
      },
      {
        "__id__": 199
      },
      {
        "__id__": 201
      },
      {
        "__id__": 203
      },
      {
        "__id__": 205
      },
      {
        "__id__": 207
      },
      {
        "__id__": 209
      },
      {
        "__id__": 211
      },
      {
        "__id__": 213
      },
      {
        "__id__": 215
      },
      {
        "__id__": 217
      },
      {
        "__id__": 219
      },
      {
        "__id__": 221
      },
      {
        "__id__": 223
      },
      {
        "__id__": 225
      },
      {
        "__id__": 227
      },
      {
        "__id__": 229
      },
      {
        "__id__": 231
      },
      {
        "__id__": 233
      },
      {
        "__id__": 235
      },
      {
        "__id__": 237
      },
      {
        "__id__": 239
      },
      {
        "__id__": 241
      },
      {
        "__id__": 243
      },
      {
        "__id__": 245
      },
      {
        "__id__": 247
      },
      {
        "__id__": 249
      },
      {
        "__id__": 251
      },
      {
        "__id__": 253
      },
      {
        "__id__": 255
      },
      {
        "__id__": 257
      },
      {
        "__id__": 259
      },
      {
        "__id__": 261
      },
      {
        "__id__": 263
      },
      {
        "__id__": 265
      },
      {
        "__id__": 267
      },
      {
        "__id__": 269
      },
      {
        "__id__": 271
      },
      {
        "__id__": 273
      },
      {
        "__id__": 275
      },
      {
        "__id__": 277
      },
      {
        "__id__": 279
      },
      {
        "__id__": 281
      },
      {
        "__id__": 283
      },
      {
        "__id__": 285
      },
      {
        "__id__": 287
      },
      {
        "__id__": 289
      },
      {
        "__id__": 291
      },
      {
        "__id__": 293
      },
      {
        "__id__": 295
      },
      {
        "__id__": 297
      },
      {
        "__id__": 299
      },
      {
        "__id__": 301
      },
      {
        "__id__": 303
      },
      {
        "__id__": 305
      },
      {
        "__id__": 307
      },
      {
        "__id__": 309
      },
      {
        "__id__": 311
      },
      {
        "__id__": 313
      },
      {
        "__id__": 315
      },
      {
        "__id__": 317
      },
      {
        "__id__": 319
      },
      {
        "__id__": 320
      },
      {
        "__id__": 321
      },
      {
        "__id__": 322
      }
    ],
    "removedComponents": []
  },
  {
    "__type__": "cc.MountedComponentsInfo",
    "targetInfo": {
      "__id__": 135
    },
    "components": [
      {
        "__id__": 136
      }
    ]
  },
  {
    "__type__": "cc.TargetInfo",
    "localID": [
      "d0uwHk/ixflopDCQxQGSkw"
    ]
  },
  {
    "__type__": "738e4XIt+xJL4ncemjnca3E",
    "_name": "",
    "_objFlags": 0,
    "__editorExtras__": {
      "mountedRoot": {
        "__id__": 131
      }
    },
    "node": {
      "__id__": 131
    },
    "_enabled": true,
    "__prefab": null,
    "blendMode": 1,
    "_target": {
      "__id__": 12
    },
    "center": null,
    "damping": 0.15,
    "_hasUpdateController": false,
    "_id": "f4YERGbi9PGqEGCrUKJnUK"
  },
  {
    "__type__": "cc.MountedComponentsInfo",
    "targetInfo": {
      "__id__": 138
    },
    "components": [
      {
        "__id__": 139
      }
    ]
  },
  {
    "__type__": "cc.TargetInfo",
    "localID": [
      "8fDxtaAAZWsLj+v9RAWh5e"
    ]
  },
  {
    "__type__": "355e349ZkpCIrvsNuTAsQSU",
    "_name": "",
    "_objFlags": 0,
    "__editorExtras__": {
      "mountedRoot": {
        "__id__": 131
      }
    },
    "node": null,
    "_enabled": true,
    "__prefab": null,
    "axis": 0,
    "factor": 0,
    "_id": "97IVl41JhKgru8GhDbgccQ"
  },
  {
    "__type__": "cc.MountedComponentsInfo",
    "targetInfo": {
      "__id__": 141
    },
    "components": [
      {
        "__id__": 142
      }
    ]
  },
  {
    "__type__": "cc.TargetInfo",
    "localID": [
      "a8GpNrJ0hYMLIQjYHOb0Ev"
    ]
  },
  {
    "__type__": "355e349ZkpCIrvsNuTAsQSU",
    "_name": "",
    "_objFlags": 0,
    "__editorExtras__": {
      "mountedRoot": {
        "__id__": 131
      }
    },
    "node": null,
    "_enabled": true,
    "__prefab": null,
    "axis": 0,
    "factor": 0,
    "_id": "67AUn2kNxPt51v8OIWWJYI"
  },
  {
    "__type__": "cc.MountedComponentsInfo",
    "targetInfo": {
      "__id__": 144
    },
    "components": [
      {
        "__id__": 145
      }
    ]
  },
  {
    "__type__": "cc.TargetInfo",
    "localID": [
      "5ag8R57FxfpaYVvFf61HxQ"
    ]
  },
  {
    "__type__": "355e349ZkpCIrvsNuTAsQSU",
    "_name": "",
    "_objFlags": 0,
    "__editorExtras__": {
      "mountedRoot": {
        "__id__": 131
      }
    },
    "node": null,
    "_enabled": true,
    "__prefab": null,
    "axis": 0,
    "factor": 0,
    "_id": "24Q9c8Co1CTIuervdepPnh"
  },
  {
    "__type__": "cc.MountedComponentsInfo",
    "targetInfo": {
      "__id__": 147
    },
    "components": [
      {
        "__id__": 148
      }
    ]
  },
  {
    "__type__": "cc.TargetInfo",
    "localID": [
      "36fqMCX/BQLryu/j80+9Gj"
    ]
  },
  {
    "__type__": "355e349ZkpCIrvsNuTAsQSU",
    "_name": "",
    "_objFlags": 0,
    "__editorExtras__": {
      "mountedRoot": {
        "__id__": 131
      }
    },
    "node": null,
    "_enabled": true,
    "__prefab": null,
    "axis": 0,
    "factor": 0,
    "_id": "5en0XiNLNAEpzSG2ZFkwvH"
  },
  {
    "__type__": "CCPropertyOverrideInfo",
    "targetInfo": {
      "__id__": 150
    },
    "propertyPath": [
      "_lpos"
    ],
    "value": {
      "__type__": "cc.Vec3",
      "x": 0,
      "y": 0,
      "z": 0.000029
    }
  },
  {
    "__type__": "cc.TargetInfo",
    "localID": [
      "683AD1OEFYjIWRR8H9EOqQ"
    ]
  },
  {
    "__type__": "CCPropertyOverrideInfo",
    "targetInfo": {
      "__id__": 152
    },
    "propertyPath": [
      "_lpos"
    ],
    "value": {
      "__type__": "cc.Vec3",
      "x": 0,
      "y": 0,
      "z": 0.000028
    }
  },
  {
    "__type__": "cc.TargetInfo",
    "localID": [
      "32LawYSbpel4KRK+Ub1Q69"
    ]
  },
  {
    "__type__": "CCPropertyOverrideInfo",
    "targetInfo": {
      "__id__": 154
    },
    "propertyPath": [
      "_lpos"
    ],
    "value": {
      "__type__": "cc.Vec3",
      "x": 0,
      "y": 0,
      "z": 0.000027
    }
  },
  {
    "__type__": "cc.TargetInfo",
    "localID": [
      "3dOyCdln5VZLYS2Z9sXRqr"
    ]
  },
  {
    "__type__": "CCPropertyOverrideInfo",
    "targetInfo": {
      "__id__": 156
    },
    "propertyPath": [
      "_lpos"
    ],
    "value": {
      "__type__": "cc.Vec3",
      "x": 0,
      "y": 0,
      "z": 0.000026
    }
  },
  {
    "__type__": "cc.TargetInfo",
    "localID": [
      "546HizAUpQtbqNxYTqa1Ce"
    ]
  },
  {
    "__type__": "CCPropertyOverrideInfo",
    "targetInfo": {
      "__id__": 158
    },
    "propertyPath": [
      "_lpos"
    ],
    "value": {
      "__type__": "cc.Vec3",
      "x": 0,
      "y": 0,
      "z": 0.000024999999999999998
    }
  },
  {
    "__type__": "cc.TargetInfo",
    "localID": [
      "73Mzh8lllbUr9gm/osLyRe"
    ]
  },
  {
    "__type__": "CCPropertyOverrideInfo",
    "targetInfo": {
      "__id__": 160
    },
    "propertyPath": [
      "_lpos"
    ],
    "value": {
      "__type__": "cc.Vec3",
      "x": 0,
      "y": 0,
      "z": 0.000056
    }
  },
  {
    "__type__": "cc.TargetInfo",
    "localID": [
      "2etSddsOlaDIF/oXfAarIl"
    ]
  },
  {
    "__type__": "CCPropertyOverrideInfo",
    "targetInfo": {
      "__id__": 162
    },
    "propertyPath": [
      "_lpos"
    ],
    "value": {
      "__type__": "cc.Vec3",
      "x": 0,
      "y": 0,
      "z": 0.000054999999999999995
    }
  },
  {
    "__type__": "cc.TargetInfo",
    "localID": [
      "c7JV3oBB1XQZNfzaQdQNMl"
    ]
  },
  {
    "__type__": "CCPropertyOverrideInfo",
    "targetInfo": {
      "__id__": 164
    },
    "propertyPath": [
      "_lpos"
    ],
    "value": {
      "__type__": "cc.Vec3",
      "x": 0,
      "y": 0,
      "z": 0.000054
    }
  },
  {
    "__type__": "cc.TargetInfo",
    "localID": [
      "7bKueqBVpXCLTKJkGgqdnk"
    ]
  },
  {
    "__type__": "CCPropertyOverrideInfo",
    "targetInfo": {
      "__id__": 166
    },
    "propertyPath": [
      "_lpos"
    ],
    "value": {
      "__type__": "cc.Vec3",
      "x": 0,
      "y": 0,
      "z": 0.000053
    }
  },
  {
    "__type__": "cc.TargetInfo",
    "localID": [
      "62vVI9ZT5e6ZWSdDBDQ8V0"
    ]
  },
  {
    "__type__": "CCPropertyOverrideInfo",
    "targetInfo": {
      "__id__": 168
    },
    "propertyPath": [
      "_lpos"
    ],
    "value": {
      "__type__": "cc.Vec3",
      "x": 0,
      "y": 0,
      "z": 0.000052
    }
  },
  {
    "__type__": "cc.TargetInfo",
    "localID": [
      "f7mIwAdKpad6IgmbqejQen"
    ]
  },
  {
    "__type__": "CCPropertyOverrideInfo",
    "targetInfo": {
      "__id__": 170
    },
    "propertyPath": [
      "_lpos"
    ],
    "value": {
      "__type__": "cc.Vec3",
      "x": 0,
      "y": 0,
      "z": 0.000051
    }
  },
  {
    "__type__": "cc.TargetInfo",
    "localID": [
      "73MA6HfGFUIY2RtQ7tTzz+"
    ]
  },
  {
    "__type__": "CCPropertyOverrideInfo",
    "targetInfo": {
      "__id__": 172
    },
    "propertyPath": [
      "_lpos"
    ],
    "value": {
      "__type__": "cc.Vec3",
      "x": 0,
      "y": 0,
      "z": 0.000049999999999999996
    }
  },
  {
    "__type__": "cc.TargetInfo",
    "localID": [
      "c5YycgskFVD464y9pNS1eu"
    ]
  },
  {
    "__type__": "CCPropertyOverrideInfo",
    "targetInfo": {
      "__id__": 174
    },
    "propertyPath": [
      "_lpos"
    ],
    "value": {
      "__type__": "cc.Vec3",
      "x": 0,
      "y": 0,
      "z": 0.000049
    }
  },
  {
    "__type__": "cc.TargetInfo",
    "localID": [
      "ff/N18SAhVvKe0MdcHV1ZW"
    ]
  },
  {
    "__type__": "CCPropertyOverrideInfo",
    "targetInfo": {
      "__id__": 176
    },
    "propertyPath": [
      "_lpos"
    ],
    "value": {
      "__type__": "cc.Vec3",
      "x": 0,
      "y": 0,
      "z": 0.000048
    }
  },
  {
    "__type__": "cc.TargetInfo",
    "localID": [
      "00ZeStGOFUI46C9znd+Wex"
    ]
  },
  {
    "__type__": "CCPropertyOverrideInfo",
    "targetInfo": {
      "__id__": 178
    },
    "propertyPath": [
      "_lpos"
    ],
    "value": {
      "__type__": "cc.Vec3",
      "x": 0,
      "y": 0,
      "z": 0.000047
    }
  },
  {
    "__type__": "cc.TargetInfo",
    "localID": [
      "09OtXzE4xffruMHUVCwfUB"
    ]
  },
  {
    "__type__": "CCPropertyOverrideInfo",
    "targetInfo": {
      "__id__": 180
    },
    "propertyPath": [
      "_lpos"
    ],
    "value": {
      "__type__": "cc.Vec3",
      "x": 0,
      "y": 0,
      "z": 0.000046
    }
  },
  {
    "__type__": "cc.TargetInfo",
    "localID": [
      "1dpWQ5CKBUV7GaX6UdQz9/"
    ]
  },
  {
    "__type__": "CCPropertyOverrideInfo",
    "targetInfo": {
      "__id__": 182
    },
    "propertyPath": [
      "_lpos"
    ],
    "value": {
      "__type__": "cc.Vec3",
      "x": 0,
      "y": 0,
      "z": 0.000044999999999999996
    }
  },
  {
    "__type__": "cc.TargetInfo",
    "localID": [
      "e8r/YsKAJfBIhz2ln2Mq7O"
    ]
  },
  {
    "__type__": "CCPropertyOverrideInfo",
    "targetInfo": {
      "__id__": 184
    },
    "propertyPath": [
      "_lpos"
    ],
    "value": {
      "__type__": "cc.Vec3",
      "x": 0,
      "y": 0,
      "z": 0.000024
    }
  },
  {
    "__type__": "cc.TargetInfo",
    "localID": [
      "70vb20v9paKI8j0E2THomJ"
    ]
  },
  {
    "__type__": "CCPropertyOverrideInfo",
    "targetInfo": {
      "__id__": 186
    },
    "propertyPath": [
      "_lpos"
    ],
    "value": {
      "__type__": "cc.Vec3",
      "x": 0,
      "y": 0,
      "z": 0.000023
    }
  },
  {
    "__type__": "cc.TargetInfo",
    "localID": [
      "58A90NXzpf7pdbFiALlFZ7"
    ]
  },
  {
    "__type__": "CCPropertyOverrideInfo",
    "targetInfo": {
      "__id__": 188
    },
    "propertyPath": [
      "_lpos"
    ],
    "value": {
      "__type__": "cc.Vec3",
      "x": 0,
      "y": 0,
      "z": 0.000022
    }
  },
  {
    "__type__": "cc.TargetInfo",
    "localID": [
      "41LfSDMptd1bYM2g1Jd7vp"
    ]
  },
  {
    "__type__": "CCPropertyOverrideInfo",
    "targetInfo": {
      "__id__": 190
    },
    "propertyPath": [
      "_lpos"
    ],
    "value": {
      "__type__": "cc.Vec3",
      "x": 0,
      "y": 0,
      "z": 0.000021
    }
  },
  {
    "__type__": "cc.TargetInfo",
    "localID": [
      "f9kNp8FYZVcZkYsPXpkn2J"
    ]
  },
  {
    "__type__": "CCPropertyOverrideInfo",
    "targetInfo": {
      "__id__": 192
    },
    "propertyPath": [
      "_lpos"
    ],
    "value": {
      "__type__": "cc.Vec3",
      "x": 0,
      "y": 0,
      "z": 0.000019999999999999998
    }
  },
  {
    "__type__": "cc.TargetInfo",
    "localID": [
      "bc2v04zjxb+5MaHoLtjZu5"
    ]
  },
  {
    "__type__": "CCPropertyOverrideInfo",
    "targetInfo": {
      "__id__": 194
    },
    "propertyPath": [
      "_lpos"
    ],
    "value": {
      "__type__": "cc.Vec3",
      "x": 0,
      "y": 0,
      "z": 0.000018999999999999998
    }
  },
  {
    "__type__": "cc.TargetInfo",
    "localID": [
      "20M4N0sXtQ5Y2ufPl9h5nJ"
    ]
  },
  {
    "__type__": "CCPropertyOverrideInfo",
    "targetInfo": {
      "__id__": 196
    },
    "propertyPath": [
      "_lpos"
    ],
    "value": {
      "__type__": "cc.Vec3",
      "x": 0,
      "y": 0,
      "z": 0.000018
    }
  },
  {
    "__type__": "cc.TargetInfo",
    "localID": [
      "a9lhleJl5Rp7ffM4CCcA9T"
    ]
  },
  {
    "__type__": "CCPropertyOverrideInfo",
    "targetInfo": {
      "__id__": 198
    },
    "propertyPath": [
      "_lpos"
    ],
    "value": {
      "__type__": "cc.Vec3",
      "x": 0,
      "y": 0,
      "z": 0.000017
    }
  },
  {
    "__type__": "cc.TargetInfo",
    "localID": [
      "4288TigfBdTondmNRCUE1U"
    ]
  },
  {
    "__type__": "CCPropertyOverrideInfo",
    "targetInfo": {
      "__id__": 200
    },
    "propertyPath": [
      "_lpos"
    ],
    "value": {
      "__type__": "cc.Vec3",
      "x": 0,
      "y": 0,
      "z": 0.000016
    }
  },
  {
    "__type__": "cc.TargetInfo",
    "localID": [
      "39DKRjQRpcw4lra2g7vlWr"
    ]
  },
  {
    "__type__": "CCPropertyOverrideInfo",
    "targetInfo": {
      "__id__": 202
    },
    "propertyPath": [
      "_lpos"
    ],
    "value": {
      "__type__": "cc.Vec3",
      "x": 0,
      "y": 0,
      "z": 0.000008
    }
  },
  {
    "__type__": "cc.TargetInfo",
    "localID": [
      "a6eQCIw+RWC5RVgufWAsjP"
    ]
  },
  {
    "__type__": "CCPropertyOverrideInfo",
    "targetInfo": {
      "__id__": 204
    },
    "propertyPath": [
      "_lpos"
    ],
    "value": {
      "__type__": "cc.Vec3",
      "x": 0,
      "y": 0,
      "z": 0.000014999999999999999
    }
  },
  {
    "__type__": "cc.TargetInfo",
    "localID": [
      "4f4fhRZNVQc7sbTJluF14R"
    ]
  },
  {
    "__type__": "CCPropertyOverrideInfo",
    "targetInfo": {
      "__id__": 206
    },
    "propertyPath": [
      "_lpos"
    ],
    "value": {
      "__type__": "cc.Vec3",
      "x": 0,
      "y": 0,
      "z": 0.000007
    }
  },
  {
    "__type__": "cc.TargetInfo",
    "localID": [
      "a4pNo/fOBRToGclSc2BKfu"
    ]
  },
  {
    "__type__": "CCPropertyOverrideInfo",
    "targetInfo": {
      "__id__": 208
    },
    "propertyPath": [
      "_lpos"
    ],
    "value": {
      "__type__": "cc.Vec3",
      "x": 0,
      "y": 0,
      "z": 0.000014
    }
  },
  {
    "__type__": "cc.TargetInfo",
    "localID": [
      "57zL/4CWZefrXrAL5pl52K"
    ]
  },
  {
    "__type__": "CCPropertyOverrideInfo",
    "targetInfo": {
      "__id__": 210
    },
    "propertyPath": [
      "_lpos"
    ],
    "value": {
      "__type__": "cc.Vec3",
      "x": 0,
      "y": 0,
      "z": 0.000013
    }
  },
  {
    "__type__": "cc.TargetInfo",
    "localID": [
      "a6RrixAG5V/q9Lm2shQyLh"
    ]
  },
  {
    "__type__": "CCPropertyOverrideInfo",
    "targetInfo": {
      "__id__": 212
    },
    "propertyPath": [
      "_lpos"
    ],
    "value": {
      "__type__": "cc.Vec3",
      "x": 0,
      "y": 0,
      "z": 0.000012
    }
  },
  {
    "__type__": "cc.TargetInfo",
    "localID": [
      "b9ijB/KsNfP45fT3gUe6gi"
    ]
  },
  {
    "__type__": "CCPropertyOverrideInfo",
    "targetInfo": {
      "__id__": 214
    },
    "propertyPath": [
      "_lpos"
    ],
    "value": {
      "__type__": "cc.Vec3",
      "x": 0,
      "y": 0,
      "z": 0.000011
    }
  },
  {
    "__type__": "cc.TargetInfo",
    "localID": [
      "3bXCG+p2xbHJk+P9VJUmWk"
    ]
  },
  {
    "__type__": "CCPropertyOverrideInfo",
    "targetInfo": {
      "__id__": 216
    },
    "propertyPath": [
      "_lpos"
    ],
    "value": {
      "__type__": "cc.Vec3",
      "x": 0,
      "y": 0,
      "z": 0.000009999999999999999
    }
  },
  {
    "__type__": "cc.TargetInfo",
    "localID": [
      "470kRmrO9UEa+/mvRnqqWK"
    ]
  },
  {
    "__type__": "CCPropertyOverrideInfo",
    "targetInfo": {
      "__id__": 218
    },
    "propertyPath": [
      "_lpos"
    ],
    "value": {
      "__type__": "cc.Vec3",
      "x": 0,
      "y": 0,
      "z": 0.000006
    }
  },
  {
    "__type__": "cc.TargetInfo",
    "localID": [
      "ebTGZ0RspR7IiV8tY9ffbY"
    ]
  },
  {
    "__type__": "CCPropertyOverrideInfo",
    "targetInfo": {
      "__id__": 220
    },
    "propertyPath": [
      "_lpos"
    ],
    "value": {
      "__type__": "cc.Vec3",
      "x": 0,
      "y": 0,
      "z": 0.000009
    }
  },
  {
    "__type__": "cc.TargetInfo",
    "localID": [
      "ceZSvap9RT4LwsZ0tRxgjG"
    ]
  },
  {
    "__type__": "CCPropertyOverrideInfo",
    "targetInfo": {
      "__id__": 222
    },
    "propertyPath": [
      "_lpos"
    ],
    "value": {
      "__type__": "cc.Vec3",
      "x": 0,
      "y": 0,
      "z": 0.0000049999999999999996
    }
  },
  {
    "__type__": "cc.TargetInfo",
    "localID": [
      "16m+d+VwVT75ecMhpV05r8"
    ]
  },
  {
    "__type__": "CCPropertyOverrideInfo",
    "targetInfo": {
      "__id__": 224
    },
    "propertyPath": [
      "_lpos"
    ],
    "value": {
      "__type__": "cc.Vec3",
      "x": 0,
      "y": 0,
      "z": 0.000004
    }
  },
  {
    "__type__": "cc.TargetInfo",
    "localID": [
      "faxhsm4XxR16VfdJ7d0jnM"
    ]
  },
  {
    "__type__": "CCPropertyOverrideInfo",
    "targetInfo": {
      "__id__": 226
    },
    "propertyPath": [
      "_lpos"
    ],
    "value": {
      "__type__": "cc.Vec3",
      "x": 0,
      "y": 0,
      "z": 0.00008499999999999999
    }
  },
  {
    "__type__": "cc.TargetInfo",
    "localID": [
      "b9sOLuI39SGLEeCNkTU0F9"
    ]
  },
  {
    "__type__": "CCPropertyOverrideInfo",
    "targetInfo": {
      "__id__": 228
    },
    "propertyPath": [
      "_lpos"
    ],
    "value": {
      "__type__": "cc.Vec3",
      "x": 0,
      "y": 0,
      "z": 0.000003
    }
  },
  {
    "__type__": "cc.TargetInfo",
    "localID": [
      "95II7CTHxagagUKRDMeOTC"
    ]
  },
  {
    "__type__": "CCPropertyOverrideInfo",
    "targetInfo": {
      "__id__": 230
    },
    "propertyPath": [
      "_lpos"
    ],
    "value": {
      "__type__": "cc.Vec3",
      "x": 0,
      "y": 0,
      "z": 0.000002
    }
  },
  {
    "__type__": "cc.TargetInfo",
    "localID": [
      "7f+qh1PWpdN5PSgSK021r/"
    ]
  },
  {
    "__type__": "CCPropertyOverrideInfo",
    "targetInfo": {
      "__id__": 232
    },
    "propertyPath": [
      "_lpos"
    ],
    "value": {
      "__type__": "cc.Vec3",
      "x": 0,
      "y": 0,
      "z": 0.000079
    }
  },
  {
    "__type__": "cc.TargetInfo",
    "localID": [
      "67XHtNGMhQvICzebzeVj1E"
    ]
  },
  {
    "__type__": "CCPropertyOverrideInfo",
    "targetInfo": {
      "__id__": 234
    },
    "propertyPath": [
      "_lpos"
    ],
    "value": {
      "__type__": "cc.Vec3",
      "x": 0,
      "y": 0,
      "z": 0.000078
    }
  },
  {
    "__type__": "cc.TargetInfo",
    "localID": [
      "f1dpnNxwdXGYNw+vmrvoEQ"
    ]
  },
  {
    "__type__": "CCPropertyOverrideInfo",
    "targetInfo": {
      "__id__": 236
    },
    "propertyPath": [
      "_lpos"
    ],
    "value": {
      "__type__": "cc.Vec3",
      "x": 0,
      "y": 0,
      "z": 0.000082
    }
  },
  {
    "__type__": "cc.TargetInfo",
    "localID": [
      "79CH4NhBtf8aWdbdEejpKi"
    ]
  },
  {
    "__type__": "CCPropertyOverrideInfo",
    "targetInfo": {
      "__id__": 238
    },
    "propertyPath": [
      "_lpos"
    ],
    "value": {
      "__type__": "cc.Vec3",
      "x": 0,
      "y": 0,
      "z": 0.000077
    }
  },
  {
    "__type__": "cc.TargetInfo",
    "localID": [
      "87wQex2aNflp9ImkcbTZb4"
    ]
  },
  {
    "__type__": "CCPropertyOverrideInfo",
    "targetInfo": {
      "__id__": 240
    },
    "propertyPath": [
      "_lpos"
    ],
    "value": {
      "__type__": "cc.Vec3",
      "x": 0,
      "y": 0,
      "z": 0.000031
    }
  },
  {
    "__type__": "cc.TargetInfo",
    "localID": [
      "9261tYmq5cxL1/bVPNv6fU"
    ]
  },
  {
    "__type__": "CCPropertyOverrideInfo",
    "targetInfo": {
      "__id__": 242
    },
    "propertyPath": [
      "_lpos"
    ],
    "value": {
      "__type__": "cc.Vec3",
      "x": 0,
      "y": 0,
      "z": 0.000029999999999999997
    }
  },
  {
    "__type__": "cc.TargetInfo",
    "localID": [
      "dbqmvDo3tSwZNhG355mUBN"
    ]
  },
  {
    "__type__": "CCPropertyOverrideInfo",
    "targetInfo": {
      "__id__": 244
    },
    "propertyPath": [
      "_lpos"
    ],
    "value": {
      "__type__": "cc.Vec3",
      "x": 0,
      "y": 0,
      "z": 0.000069
    }
  },
  {
    "__type__": "cc.TargetInfo",
    "localID": [
      "65lV2csytdKbSZE9SwCBbH"
    ]
  },
  {
    "__type__": "CCPropertyOverrideInfo",
    "targetInfo": {
      "__id__": 246
    },
    "propertyPath": [
      "_lpos"
    ],
    "value": {
      "__type__": "cc.Vec3",
      "x": 0,
      "y": 0,
      "z": 0.000068
    }
  },
  {
    "__type__": "cc.TargetInfo",
    "localID": [
      "78V6Uagl1VNK/b7DM0Iu+D"
    ]
  },
  {
    "__type__": "CCPropertyOverrideInfo",
    "targetInfo": {
      "__id__": 248
    },
    "propertyPath": [
      "_lpos"
    ],
    "value": {
      "__type__": "cc.Vec3",
      "x": 0,
      "y": 0,
      "z": 0.000067
    }
  },
  {
    "__type__": "cc.TargetInfo",
    "localID": [
      "3dNXEwkSpZU5aYThnR3Z8/"
    ]
  },
  {
    "__type__": "CCPropertyOverrideInfo",
    "targetInfo": {
      "__id__": 250
    },
    "propertyPath": [
      "_lpos"
    ],
    "value": {
      "__type__": "cc.Vec3",
      "x": 0,
      "y": 0,
      "z": 0.00006599999999999999
    }
  },
  {
    "__type__": "cc.TargetInfo",
    "localID": [
      "a0iB8IM0BaeroZAUnL68qC"
    ]
  },
  {
    "__type__": "CCPropertyOverrideInfo",
    "targetInfo": {
      "__id__": 252
    },
    "propertyPath": [
      "_lpos"
    ],
    "value": {
      "__type__": "cc.Vec3",
      "x": 0,
      "y": 0,
      "z": 0.000065
    }
  },
  {
    "__type__": "cc.TargetInfo",
    "localID": [
      "48WwZSKOdcT6vzHv5kM40S"
    ]
  },
  {
    "__type__": "CCPropertyOverrideInfo",
    "targetInfo": {
      "__id__": 254
    },
    "propertyPath": [
      "_lpos"
    ],
    "value": {
      "__type__": "cc.Vec3",
      "x": 0,
      "y": 0,
      "z": 0.000084
    }
  },
  {
    "__type__": "cc.TargetInfo",
    "localID": [
      "63Wt7Rdl5VhbiO8NY6J6l1"
    ]
  },
  {
    "__type__": "CCPropertyOverrideInfo",
    "targetInfo": {
      "__id__": 256
    },
    "propertyPath": [
      "_lpos"
    ],
    "value": {
      "__type__": "cc.Vec3",
      "x": 0,
      "y": 0,
      "z": 0.000083
    }
  },
  {
    "__type__": "cc.TargetInfo",
    "localID": [
      "34eQK2BmZeXq6tRVoN2OxS"
    ]
  },
  {
    "__type__": "CCPropertyOverrideInfo",
    "targetInfo": {
      "__id__": 258
    },
    "propertyPath": [
      "_lpos"
    ],
    "value": {
      "__type__": "cc.Vec3",
      "x": 0,
      "y": 0,
      "z": 0.000044
    }
  },
  {
    "__type__": "cc.TargetInfo",
    "localID": [
      "c9fYfmFEVXmJsDGMBkXHD9"
    ]
  },
  {
    "__type__": "CCPropertyOverrideInfo",
    "targetInfo": {
      "__id__": 260
    },
    "propertyPath": [
      "_lpos"
    ],
    "value": {
      "__type__": "cc.Vec3",
      "x": 0,
      "y": 0,
      "z": 0.000042999999999999995
    }
  },
  {
    "__type__": "cc.TargetInfo",
    "localID": [
      "312pMBBgdb16k7hyniOKuq"
    ]
  },
  {
    "__type__": "CCPropertyOverrideInfo",
    "targetInfo": {
      "__id__": 262
    },
    "propertyPath": [
      "_lpos"
    ],
    "value": {
      "__type__": "cc.Vec3",
      "x": 0,
      "y": 0,
      "z": 0.000042
    }
  },
  {
    "__type__": "cc.TargetInfo",
    "localID": [
      "2d9hELm9ZdaIdo894B+HFH"
    ]
  },
  {
    "__type__": "CCPropertyOverrideInfo",
    "targetInfo": {
      "__id__": 264
    },
    "propertyPath": [
      "_lpos"
    ],
    "value": {
      "__type__": "cc.Vec3",
      "x": 0,
      "y": 0,
      "z": 0.000041
    }
  },
  {
    "__type__": "cc.TargetInfo",
    "localID": [
      "c6alpggA5bDL/WElYSR5Mm"
    ]
  },
  {
    "__type__": "CCPropertyOverrideInfo",
    "targetInfo": {
      "__id__": 266
    },
    "propertyPath": [
      "_lpos"
    ],
    "value": {
      "__type__": "cc.Vec3",
      "x": 0,
      "y": 0,
      "z": 0.000039999999999999996
    }
  },
  {
    "__type__": "cc.TargetInfo",
    "localID": [
      "4d1YE3IKRQJIRbzeiD/TgT"
    ]
  },
  {
    "__type__": "CCPropertyOverrideInfo",
    "targetInfo": {
      "__id__": 268
    },
    "propertyPath": [
      "_lpos"
    ],
    "value": {
      "__type__": "cc.Vec3",
      "x": 0,
      "y": 0,
      "z": 0.000037
    }
  },
  {
    "__type__": "cc.TargetInfo",
    "localID": [
      "ae2vE+sVxWI7/eXBOzLDzh"
    ]
  },
  {
    "__type__": "CCPropertyOverrideInfo",
    "targetInfo": {
      "__id__": 270
    },
    "propertyPath": [
      "_lpos"
    ],
    "value": {
      "__type__": "cc.Vec3",
      "x": 0,
      "y": 0,
      "z": 0.000039
    }
  },
  {
    "__type__": "cc.TargetInfo",
    "localID": [
      "20Xf6ISLRbhZcFBgjaR3Ug"
    ]
  },
  {
    "__type__": "CCPropertyOverrideInfo",
    "targetInfo": {
      "__id__": 272
    },
    "propertyPath": [
      "_lpos"
    ],
    "value": {
      "__type__": "cc.Vec3",
      "x": 0,
      "y": 0,
      "z": 0.000037999999999999995
    }
  },
  {
    "__type__": "cc.TargetInfo",
    "localID": [
      "75WNu3b5BZyYxA6a3h6Z70"
    ]
  },
  {
    "__type__": "CCPropertyOverrideInfo",
    "targetInfo": {
      "__id__": 274
    },
    "propertyPath": [
      "_lpos"
    ],
    "value": {
      "__type__": "cc.Vec3",
      "x": 0,
      "y": 0,
      "z": 0.00008099999999999999
    }
  },
  {
    "__type__": "cc.TargetInfo",
    "localID": [
      "f5c0I//DRRAKY9NRn9kEue"
    ]
  },
  {
    "__type__": "CCPropertyOverrideInfo",
    "targetInfo": {
      "__id__": 276
    },
    "propertyPath": [
      "_lpos"
    ],
    "value": {
      "__type__": "cc.Vec3",
      "x": 0,
      "y": 0,
      "z": 0.00007599999999999999
    }
  },
  {
    "__type__": "cc.TargetInfo",
    "localID": [
      "fcojevVkhTgJEbgaEzhErw"
    ]
  },
  {
    "__type__": "CCPropertyOverrideInfo",
    "targetInfo": {
      "__id__": 278
    },
    "propertyPath": [
      "_lpos"
    ],
    "value": {
      "__type__": "cc.Vec3",
      "x": 0,
      "y": 0,
      "z": 0.000075
    }
  },
  {
    "__type__": "cc.TargetInfo",
    "localID": [
      "c7Ga0pwFJT2YSTAdavThlC"
    ]
  },
  {
    "__type__": "CCPropertyOverrideInfo",
    "targetInfo": {
      "__id__": 280
    },
    "propertyPath": [
      "_lpos"
    ],
    "value": {
      "__type__": "cc.Vec3",
      "x": 0,
      "y": 0,
      "z": 0.000074
    }
  },
  {
    "__type__": "cc.TargetInfo",
    "localID": [
      "bcYH4O1MZR9IUhKePSeylb"
    ]
  },
  {
    "__type__": "CCPropertyOverrideInfo",
    "targetInfo": {
      "__id__": 282
    },
    "propertyPath": [
      "_lpos"
    ],
    "value": {
      "__type__": "cc.Vec3",
      "x": 0,
      "y": 0,
      "z": 0.000073
    }
  },
  {
    "__type__": "cc.TargetInfo",
    "localID": [
      "ddsFYy1iRT0qnbVbxNC2Bs"
    ]
  },
  {
    "__type__": "CCPropertyOverrideInfo",
    "targetInfo": {
      "__id__": 284
    },
    "propertyPath": [
      "_lpos"
    ],
    "value": {
      "__type__": "cc.Vec3",
      "x": 0,
      "y": 0,
      "z": 0.000072
    }
  },
  {
    "__type__": "cc.TargetInfo",
    "localID": [
      "bbfGVQnfVe1bWc/vIFQJwt"
    ]
  },
  {
    "__type__": "CCPropertyOverrideInfo",
    "targetInfo": {
      "__id__": 286
    },
    "propertyPath": [
      "_lpos"
    ],
    "value": {
      "__type__": "cc.Vec3",
      "x": 0,
      "y": 0,
      "z": 0.00007099999999999999
    }
  },
  {
    "__type__": "cc.TargetInfo",
    "localID": [
      "bfyiLjGCBWr4Q219ZlQp3K"
    ]
  },
  {
    "__type__": "CCPropertyOverrideInfo",
    "targetInfo": {
      "__id__": 288
    },
    "propertyPath": [
      "_lpos"
    ],
    "value": {
      "__type__": "cc.Vec3",
      "x": 0,
      "y": 0,
      "z": 0.00007
    }
  },
  {
    "__type__": "cc.TargetInfo",
    "localID": [
      "b1mqc5ZPhbkrPW8GBLHcYv"
    ]
  },
  {
    "__type__": "CCPropertyOverrideInfo",
    "targetInfo": {
      "__id__": 290
    },
    "propertyPath": [
      "_lpos"
    ],
    "value": {
      "__type__": "cc.Vec3",
      "x": 0,
      "y": 0,
      "z": 0.000064
    }
  },
  {
    "__type__": "cc.TargetInfo",
    "localID": [
      "a7QUdakpRTUIDyIaS+5vZk"
    ]
  },
  {
    "__type__": "CCPropertyOverrideInfo",
    "targetInfo": {
      "__id__": 292
    },
    "propertyPath": [
      "_lpos"
    ],
    "value": {
      "__type__": "cc.Vec3",
      "x": 0,
      "y": 0,
      "z": 0.000062
    }
  },
  {
    "__type__": "cc.TargetInfo",
    "localID": [
      "2e0eghy+NV5KWcAYNOIxqR"
    ]
  },
  {
    "__type__": "CCPropertyOverrideInfo",
    "targetInfo": {
      "__id__": 294
    },
    "propertyPath": [
      "_lpos"
    ],
    "value": {
      "__type__": "cc.Vec3",
      "x": 0,
      "y": 0,
      "z": 0.000058
    }
  },
  {
    "__type__": "cc.TargetInfo",
    "localID": [
      "35vSY2Nx1bcIyTAdKB0nJb"
    ]
  },
  {
    "__type__": "CCPropertyOverrideInfo",
    "targetInfo": {
      "__id__": 296
    },
    "propertyPath": [
      "_lpos"
    ],
    "value": {
      "__type__": "cc.Vec3",
      "x": 0,
      "y": 0,
      "z": 0.000061
    }
  },
  {
    "__type__": "cc.TargetInfo",
    "localID": [
      "b2zFx8IsNTvLx7ZNYoSHz/"
    ]
  },
  {
    "__type__": "CCPropertyOverrideInfo",
    "targetInfo": {
      "__id__": 298
    },
    "propertyPath": [
      "_lpos"
    ],
    "value": {
      "__type__": "cc.Vec3",
      "x": 0,
      "y": 0,
      "z": 0.000056999999999999996
    }
  },
  {
    "__type__": "cc.TargetInfo",
    "localID": [
      "4dKCeCy4BTf6HSFXhb256r"
    ]
  },
  {
    "__type__": "CCPropertyOverrideInfo",
    "targetInfo": {
      "__id__": 300
    },
    "propertyPath": [
      "_lpos"
    ],
    "value": {
      "__type__": "cc.Vec3",
      "x": 0,
      "y": 0,
      "z": 0.000036
    }
  },
  {
    "__type__": "cc.TargetInfo",
    "localID": [
      "f1czhPxDxcWanLg/MrBRL1"
    ]
  },
  {
    "__type__": "CCPropertyOverrideInfo",
    "targetInfo": {
      "__id__": 302
    },
    "propertyPath": [
      "_lpos"
    ],
    "value": {
      "__type__": "cc.Vec3",
      "x": 0,
      "y": 0,
      "z": 0.000035
    }
  },
  {
    "__type__": "cc.TargetInfo",
    "localID": [
      "8dAt5ZXvdUsKb0a7U99jch"
    ]
  },
  {
    "__type__": "CCPropertyOverrideInfo",
    "targetInfo": {
      "__id__": 304
    },
    "propertyPath": [
      "_lpos"
    ],
    "value": {
      "__type__": "cc.Vec3",
      "x": 0,
      "y": 0,
      "z": 0.00007999999999999999
    }
  },
  {
    "__type__": "cc.TargetInfo",
    "localID": [
      "55cOCD3bFfAaz7nW6Y+niI"
    ]
  },
  {
    "__type__": "CCPropertyOverrideInfo",
    "targetInfo": {
      "__id__": 306
    },
    "propertyPath": [
      "_lpos"
    ],
    "value": {
      "__type__": "cc.Vec3",
      "x": 0,
      "y": 0,
      "z": 0.000063
    }
  },
  {
    "__type__": "cc.TargetInfo",
    "localID": [
      "e2t36AVlZT/ZCJnTNV7s3K"
    ]
  },
  {
    "__type__": "CCPropertyOverrideInfo",
    "targetInfo": {
      "__id__": 308
    },
    "propertyPath": [
      "_lpos"
    ],
    "value": {
      "__type__": "cc.Vec3",
      "x": 0,
      "y": 0,
      "z": 0.000034
    }
  },
  {
    "__type__": "cc.TargetInfo",
    "localID": [
      "d2vXF7QGFeDZ+WmBWiApGY"
    ]
  },
  {
    "__type__": "CCPropertyOverrideInfo",
    "targetInfo": {
      "__id__": 310
    },
    "propertyPath": [
      "_lpos"
    ],
    "value": {
      "__type__": "cc.Vec3",
      "x": 0,
      "y": 0,
      "z": 0.000032999999999999996
    }
  },
  {
    "__type__": "cc.TargetInfo",
    "localID": [
      "d4BAENr15RjpmmmhZCkS48"
    ]
  },
  {
    "__type__": "CCPropertyOverrideInfo",
    "targetInfo": {
      "__id__": 312
    },
    "propertyPath": [
      "_lpos"
    ],
    "value": {
      "__type__": "cc.Vec3",
      "x": 0,
      "y": 0,
      "z": 0.000032
    }
  },
  {
    "__type__": "cc.TargetInfo",
    "localID": [
      "8015BZisxYmZD4F4+RPG0s"
    ]
  },
  {
    "__type__": "CCPropertyOverrideInfo",
    "targetInfo": {
      "__id__": 314
    },
    "propertyPath": [
      "_lpos"
    ],
    "value": {
      "__type__": "cc.Vec3",
      "x": 0,
      "y": 0,
      "z": 0.000059999999999999995
    }
  },
  {
    "__type__": "cc.TargetInfo",
    "localID": [
      "b3zXWUqX9YQ6N9rHLWHQ1w"
    ]
  },
  {
    "__type__": "CCPropertyOverrideInfo",
    "targetInfo": {
      "__id__": 316
    },
    "propertyPath": [
      "_lpos"
    ],
    "value": {
      "__type__": "cc.Vec3",
      "x": 0,
      "y": 0,
      "z": 0.000059
    }
  },
  {
    "__type__": "cc.TargetInfo",
    "localID": [
      "9apVWtE8hYT4/kc7lHFlhD"
    ]
  },
  {
    "__type__": "CCPropertyOverrideInfo",
    "targetInfo": {
      "__id__": 318
    },
    "propertyPath": [
      "_name"
    ],
    "value": "haruto"
  },
  {
    "__type__": "cc.TargetInfo",
    "localID": [
      "d0uwHk/ixflopDCQxQGSkw"
    ]
  },
  {
    "__type__": "CCPropertyOverrideInfo",
    "targetInfo": {
      "__id__": 318
    },
    "propertyPath": [
      "_lpos"
    ],
    "value": {
      "__type__": "cc.Vec3",
      "x": 169.26,
      "y": 276.314,
      "z": 0
    }
  },
  {
    "__type__": "CCPropertyOverrideInfo",
    "targetInfo": {
      "__id__": 318
    },
    "propertyPath": [
      "_lrot"
    ],
    "value": {
      "__type__": "cc.Quat",
      "x": 0,
      "y": 0,
      "z": 0,
      "w": 1
    }
  },
  {
    "__type__": "CCPropertyOverrideInfo",
    "targetInfo": {
      "__id__": 318
    },
    "propertyPath": [
      "_euler"
    ],
    "value": {
      "__type__": "cc.Vec3",
      "x": 0,
      "y": 0,
      "z": 0
    }
  },
  {
    "__type__": "CCPropertyOverrideInfo",
    "targetInfo": {
      "__id__": 318
    },
    "propertyPath": [
      "_lscale"
    ],
    "value": {
      "__type__": "cc.Vec3",
      "x": 100,
      "y": 100,
      "z": 1
    }
  },
  {
    "__type__": "cc.PrefabInfo",
    "root": null,
    "asset": null,
    "fileId": "77da077d-850e-4f1f-9e79-35bf895ff0fe",
    "instance": null,
    "targetOverrides": null,
    "nestedPrefabInstanceRoots": [
      {
        "__id__": 16
      },
      {
        "__id__": 131
      }
    ]
  },
  {
    "__type__": "cc.SceneGlobals",
    "ambient": {
      "__id__": 325
    },
    "shadows": {
      "__id__": 326
    },
    "_skybox": {
      "__id__": 327
    },
    "fog": {
      "__id__": 328
    },
    "octree": {
      "__id__": 329
    },
    "lightProbeInfo": {
      "__id__": 330
    },
    "bakedWithStationaryMainLight": false,
    "bakedWithHighpLightmap": false
  },
  {
    "__type__": "cc.AmbientInfo",
    "_skyColorHDR": {
      "__type__": "cc.Vec4",
      "x": 0.2,
      "y": 0.5,
      "z": 0.8,
      "w": 0.520833125
    },
    "_skyColor": {
      "__type__": "cc.Vec4",
      "x": 0.2,
      "y": 0.5,
      "z": 0.8,
      "w": 0.520833125
    },
    "_skyIllumHDR": 20000,
    "_skyIllum": 20000,
    "_groundAlbedoHDR": {
      "__type__": "cc.Vec4",
      "x": 0.2,
      "y": 0.2,
      "z": 0.2,
      "w": 1
    },
    "_groundAlbedo": {
      "__type__": "cc.Vec4",
      "x": 0.2,
      "y": 0.2,
      "z": 0.2,
      "w": 1
    },
    "_skyColorLDR": {
      "__type__": "cc.Vec4",
      "x": 0.452588,
      "y": 0.607642,
      "z": 0.755699,
      "w": 0
    },
    "_skyIllumLDR": 0.8,
    "_groundAlbedoLDR": {
      "__type__": "cc.Vec4",
      "x": 0.618555,
      "y": 0.577848,
      "z": 0.544564,
      "w": 0
    }
  },
  {
    "__type__": "cc.ShadowsInfo",
    "_enabled": false,
    "_type": 0,
    "_normal": {
      "__type__": "cc.Vec3",
      "x": 0,
      "y": 1,
      "z": 0
    },
    "_distance": 0,
    "_shadowColor": {
      "__type__": "cc.Color",
      "r": 76,
      "g": 76,
      "b": 76,
      "a": 255
    },
    "_maxReceived": 4,
    "_size": {
      "__type__": "cc.Vec2",
      "x": 1024,
      "y": 1024
    }
  },
  {
    "__type__": "cc.SkyboxInfo",
    "_envLightingType": 0,
    "_envmapHDR": {
      "__uuid__": "d032ac98-05e1-4090-88bb-eb640dcb5fc1@b47c0",
      "__expectedType__": "cc.TextureCube"
    },
    "_envmap": {
      "__uuid__": "d032ac98-05e1-4090-88bb-eb640dcb5fc1@b47c0",
      "__expectedType__": "cc.TextureCube"
    },
    "_envmapLDR": {
      "__uuid__": "6f01cf7f-81bf-4a7e-bd5d-0afc19696480@b47c0",
      "__expectedType__": "cc.TextureCube"
    },
    "_diffuseMapHDR": null,
    "_diffuseMapLDR": null,
    "_enabled": true,
    "_useHDR": true,
    "_editableMaterial": null,
    "_reflectionHDR": null,
    "_reflectionLDR": null,
    "_rotationAngle": 0
  },
  {
    "__type__": "cc.FogInfo",
    "_type": 0,
    "_fogColor": {
      "__type__": "cc.Color",
      "r": 200,
      "g": 200,
      "b": 200,
      "a": 255
    },
    "_enabled": false,
    "_fogDensity": 0.3,
    "_fogStart": 0.5,
    "_fogEnd": 300,
    "_fogAtten": 5,
    "_fogTop": 1.5,
    "_fogRange": 1.2,
    "_accurate": false
  },
  {
    "__type__": "cc.OctreeInfo",
    "_enabled": false,
    "_minPos": {
      "__type__": "cc.Vec3",
      "x": -1024,
      "y": -1024,
      "z": -1024
    },
    "_maxPos": {
      "__type__": "cc.Vec3",
      "x": 1024,
      "y": 1024,
      "z": 1024
    },
    "_depth": 8
  },
  {
    "__type__": "cc.LightProbeInfo",
    "_giScale": 1,
    "_giSamples": 1024,
    "_bounces": 2,
    "_reduceRinging": 0,
    "_showProbe": true,
    "_showWireframe": true,
    "_showConvex": false,
    "_data": null
  }
]